@article{smartnic2016,
author = {Nick Tausanovitch},
title = {SmartNICs: Give your OpenStack network a boost},
publisher = {InfoWorld},
address = {USA},
year = {2016},
}

@misc{borkmann2017,
author = "Daniel Borkmann",
title = "bpf: add meta pointer for direct access",
note = "https://marc.info/\?l=linux-netdev\&m=150629926806053\&w=2",
howpublished = "Linux kernel mailing list"
}

